2008-sch.bib

@ARTICLE{ad-91,
  AUTHOR = {Leonard M. Adleman and M. Blum},
  TITLE ={Inductive Inference and Unsolvability},
  JOURNAL = {The Journal of Symbolic Logic},
  VOLUME = {56},
  ISSUE = 3,
  PAGES = {891-900},
  YEAR = 1991,
  MONTH = SEP,
  DOI = {10.2307/2275058},
  URL = {http://dx.doi.org/10.2307/2275058}
}

@BOOK{bordieu-fu,
  AUTHOR = {Pierre Bordieu},
  TITLE = {Die feinen {U}nterschiede. {K}ritik der gesellschaftlichen {U}rteilskraft},
  PUBLISHER = {Suhrkamp Taschenbuch Wissenschaft},
  ADDRESS = {Frankfurt am Main},
  YEAR = 1987
}

@BOOK{gruenenandersrum,
  AUTHOR = {{Die Gr{\"{u}}nen Andersrum}},
  TITLE = {{E}ingetragene {P}artner{I}nnenschaften {G}leichbehandlung und {B}esserstellung verschiedengeschlechtlicher und gleichgeschlechtlicher
{P}artner{I}nnenschaften ohne {T}rauschein},
  PUBLISHER = {Die Gr{\"{u}}nen Ober{\"{o}}sterreich},
  ADDRESS = {Linz},
  YEAR = 2007,
  URL={http://www.andersrum.ooe.gruene.at/materialien/pics/broschure\_paare.pdf}
}

@BOOK{LebensgemeinschaftzuRecht,
  AUTHOR = {Helene Klaar and Elisabeth Grossmann},
  TITLE = {{L}ebensgemeinschaft zu {R}echt},
  PUBLISHER = {Junge Generation in der SP{\"{O}}},
  ADDRESS = {Wien},
  YEAR = 2007,
  URL={http://www.jg.spoe.at/Multimediaarchiv/Folder/zuRecht.pdf}
}

@BOOK{Deixler-Xell,
  AUTHOR = {Astrid Deixler-H{\"{u}}bner and Ursula Xell-Skreiner},
  TITLE = {{S}cheidung kompakt},
  PUBLISHER = {LexisNexis Verlag ARD Orac GmbH \& Co KG},
  ADDRESS = {Wien},
  YEAR = 2006,
  URL={http://www.lexisnexis.at/shop/detail.php3?wort=scheidung\%20kompakt\&aid=3286\&aus=liste}
}

@BOOK{Gitschthaler,
  AUTHOR = {Edwin Gitschthaler and Johann H{\"{o}}llwerth},
  TITLE = {{K}ommentar zum {EheG}},
  PUBLISHER = {Springer Verlag},
  ADDRESS = {Wien},
  YEAR = 2008,
  NOTE = {mit Beitr{\"{a}}gen von Ulrike Aichhorn, Susanne Beck und Astrid Deixler-Hübner},
  URL={http://www.springer.com/springerwiennewyork/law/book/978-3-211-23828-8}
}

@BOOK{Hopf,
  AUTHOR = {Gerhard Hopf and Georg Kathrein},
  TITLE = {Eherecht},
  PUBLISHER = {Manz},
  ADDRESS = {Wien},
  YEAR = 2005
}

@BOOK{EFSlg,
  AUTHOR = {Edwin Gitschthaler and Johann H{\"{o}}llwerth},
  TITLE = {{E}he- und familienrechtliche {E}ntscheidungen {(EFSlg)}},
  PUBLISHER = {Manz},
  ADDRESS = {Wien},
  YEAR = 2007
}

@BOOK{russell-praise,
  AUTHOR = {Bertrand Russell},
  TITLE = {In Praise of Idleness},
  YEAR = 1932,
  URL={http://www.zpub.com/notes/idle.html, http://www.archive.org/details/InPraiseOfIdleness}
}

