@FOOTNOTE{Note1,key="Note1",note=" German original~\cite [p.~811]{schrodinger}: {\protect \em  ``Es gibt in keinem Augenblick ein Kollektiv klassischer Modellzust\"ande, auf das die Gesamtheit der quantenmechanischen Aussagen dieses Augenblicks zutrifft.''}"}
