
@Article{e21010035,
AUTHOR = {Khrennikov, Andrei and Svozil, Karl},
TITLE = {Quantum Probability and Randomness},
JOURNAL = {Entropy},
VOLUME = {21},
YEAR = {2019},
NUMBER = {1},
ARTICLE-NUMBER = {35},
URL = {http://www.mdpi.com/1099-4300/21/1/35},
ISSN = {1099-4300},
ABSTRACT = {The recent quantum information revolution has stimulated interest in the quantum foundations by perceiving and re-evaluating the theory from a novel information-theoretical viewpoint [...]},
DOI = {10.3390/e21010035}
}



